@article{Konstan2012Apr,
	author = {Konstan, Joseph A. and Riedl, John},
	title = {{Recommender systems: from algorithms to user experience}},
	journal = {User Model. User-Adap. Inter.},
	volume = {22},
	number = {1},
	pages = {101--123},
	year = {2012},
	month = {Apr},
	issn = {1573-1391},
	publisher = {Springer Netherlands},
	doi = {10.1007/s11257-011-9112-x}
}

@article{deep-re-sys-survey,
  title={A review on deep learning for recommender systems: challenges and remedies},
  author={Zeynep Batmaz and Ali Yurekli and Alper Bilge and Cihan Kaleli},
  journal={Artificial Intelligence Review},
  year={2018},
  volume={52},
  pages={1-37}
}

@book{plutchik2013theories,
  title={Theories of emotion},
  author={Plutchik, Robert and Kellerman, Henry},
  volume={1},
  year={2013},
  publisher={Academic Press}
}

@article{Russel,
        author = {Russell, James},
        year = {1980},
        month = {12},
        pages = {1161-1178},
        title = {A Circumplex Model of Affect},
        volume = {39},
        journal = {Journal of Personality and Social Psychology},
        doi = {10.1037/h0077714}
}


@article{demircan2020comparison,
  title={Comparison of the effects of mel coefficients and spectrogram images via deep learning in emotion classification},
  author={Demircan, Semiye and {\"O}rnek, Humar Kahramanl{\i}},
  journal={Traitement du Signal},
  year={2020},
  publisher={INT INFORMATION \& ENGINEERING TECHNOLOGY ASSOC}
}

@article{hochreiter1997long,
  title={Long short-term memory},
  author={Hochreiter, Sepp and Schmidhuber, J{\"u}rgen},
  journal={Neural computation},
  volume={9},
  number={8},
  pages={1735--1780},
  year={1997},
  publisher={MIT Press}
}


@article{krizhevsky2012imagenet,
  title={Imagenet classification with deep convolutional neural networks},
  author={Krizhevsky, Alex and Sutskever, Ilya and Hinton, Geoffrey E},
  journal={Advances in neural information processing systems},
  volume={25},
  year={2012}
}

@article{han2010music,
  title={Music emotion classification and context-based music recommendation},
  author={Han, Byeong-jun and Rho, Seungmin and Jun, Sanghoon and Hwang, Eenjun},
  journal={Multimedia Tools and Applications},
  volume={47},
  number={3},
  pages={433--460},
  year={2010},
  publisher={Springer}
}


@inproceedings{liu2020research,
  title={Research on multi-modal music emotion classification based on audio and lyirc},
  author={Liu, Gaojun and Tan, Zhiyuan},
  booktitle={2020 IEEE 4th Information Technology, Networking, Electronic and Automation Control Conference (ITNEC)},
  volume={1},
  pages={2331--2335},
  year={2020},
  organization={IEEE}
}


@article{devlin2018bert,
  title={Bert: Pre-training of deep bidirectional transformers for language understanding},
  author={Devlin, Jacob and Chang, Ming-Wei and Lee, Kenton and Toutanova, Kristina},
  journal={arXiv preprint arXiv:1810.04805},
  year={2018}
}

@article{bahuleyan2018music,
  title={Music genre classification using machine learning techniques},
  author={Bahuleyan, Hareesh},
  journal={arXiv preprint arXiv:1804.01149},
  year={2018}
}

@article{simonyan2014very,
  title={Very deep convolutional networks for large-scale image recognition},
  author={Simonyan, Karen and Zisserman, Andrew},
  journal={arXiv preprint arXiv:1409.1556},
  year={2014}
}

@article{hizlisoy2021music,
  title={Music emotion recognition using convolutional long short term memory deep neural networks},
  author={Hizlisoy, Serhat and Yildirim, Serdar and Tufekci, Zekeriya},
  journal={Engineering Science and Technology, an International Journal},
  volume={24},
  number={3},
  pages={760--767},
  year={2021},
  publisher={Elsevier}
}

@inproceedings{zhang2018pmemo,
  title={The pmemo dataset for music emotion recognition},
  author={Zhang, Kejun and Zhang, Hui and Li, Simeng and Yang, Changyuan and Sun, Lingyun},
  booktitle={Proceedings of the 2018 acm on international conference on multimedia retrieval},
  pages={135--142},
  year={2018}
}

@article{panda2018novel,
  title={Novel audio features for music emotion recognition},
  author={Panda, Renato and Malheiro, Ricardo and Paiva, Rui Pedro},
  journal={IEEE Transactions on Affective Computing},
  volume={11},
  number={4},
  pages={614--626},
  year={2018},
  publisher={IEEE}
}

@inproceedings{panda2018musical,
  title={Musical texture and expressivity features for music emotion recognition},
  author={Panda, Renato and Malheiro, Ricardo and Paiva, Rui Pedro},
  booktitle={19th International Society for Music Information Retrieval Conference (ISMIR 2018)},
  pages={383--391},
  year={2018}
}


@article{aljanaki2014collecting,
  title={Collecting annotations for induced musical emotion via online game with a purpose Emotify},
  author={Aljanaki, Anna and Wiering, Frans and Veltkamp, Remco and others},
  journal={Technical Report Series},
  volume={2014},
  number={UU-CS-2014-015},
  year={2014},
  publisher={UU BETA ICS Departement Informatica}
}

@article{aljanaki2016studying,
  title={Studying emotion induced by music through a crowdsourcing game},
  author={Aljanaki, Anna and Wiering, Frans and Veltkamp, Remco C},
  journal={Information Processing \& Management},
  volume={52},
  number={1},
  pages={115--128},
  year={2016},
  publisher={Elsevier}
}


@article{zentner2008emotions,
  title={Emotions evoked by the sound of music: characterization, classification, and measurement.},
  author={Zentner, Marcel and Grandjean, Didier and Scherer, Klaus R},
  journal={Emotion},
  volume={8},
  number={4},
  pages={494},
  year={2008},
  publisher={American Psychological Association}
}

@inproceedings{ma2018emotion,
  title={Emotion Recognition from Variable-Length Speech Segments Using Deep Learning on Spectrograms.},
  author={Ma, Xi and Wu, Zhiyong and Jia, Jia and Xu, Mingxing and Meng, Helen and Cai, Lianhong},
  booktitle={Interspeech},
  pages={3683--3687},
  year={2018}
}

@inproceedings{mcfee2015librosa,
  title={librosa: Audio and music signal analysis in python},
  author={McFee, Brian and Raffel, Colin and Liang, Dawen and Ellis, Daniel P and McVicar, Matt and Battenberg, Eric and Nieto, Oriol},
  booktitle={Proceedings of the 14th python in science conference},
  volume={8},
  pages={18--25},
  year={2015},
  organization={Citeseer}
}


@inproceedings{tan2019efficientnet,
  title={Efficientnet: Rethinking model scaling for convolutional neural networks},
  author={Tan, Mingxing and Le, Quoc},
  booktitle={International conference on machine learning},
  pages={6105--6114},
  year={2019},
  organization={PMLR}
}

@inproceedings{howard2019searching,
  title={Searching for mobilenetv3},
  author={Howard, Andrew and Sandler, Mark and Chu, Grace and Chen, Liang-Chieh and Chen, Bo and Tan, Mingxing and Wang, Weijun and Zhu, Yukun and Pang, Ruoming and Vasudevan, Vijay and others},
  booktitle={Proceedings of the IEEE/CVF international conference on computer vision},
  pages={1314--1324},
  year={2019}
}

@article{kingma2014adam,
  title={Adam: A method for stochastic optimization},
  author={Kingma, Diederik P and Ba, Jimmy},
  journal={arXiv preprint arXiv:1412.6980},
  year={2014}
}

@article{tieleman2012rmsprop,
  title={Rmsprop: Divide the gradient by a running average of its recent magnitude. coursera: Neural networks for machine learning},
  author={Tieleman, Tijmen and Hinton, Geoffrey},
  journal={COURSERA Neural Networks Mach. Learn},
  year={2012}
}




@misc{Krumhansl,
    author = {Krumhansl, C. L.},
	title = {{An exploratory study of musical emotions and psychophysiology. - PsycNET}},
	journal = {APA PsycNET},
	year = {2022},
	month = {Feb},
	note = {[Online; accessed 11. Feb. 2022]},
	doi = {10.1037/1196-1961.51.4.336}
}


@article{Mitterschiffthaler2007Nov,
	author = {Mitterschiffthaler, Martina T. and Fu, Cynthia H. Y. and Dalton, Jeffrey A. and Andrew, Christopher M. and Williams, Steven C. R.},
	title = {{A functional MRI study of happy and sad affective states induced by classical music}},
	journal = {Hum. Brain Mapp.},
	volume = {28},
	number = {11},
	pages = {1150--1162},
	year = {2007},
	month = {Nov},
	issn = {1065-9471},
	publisher = {Wiley-Liss, Inc.},
	eprint = {17290372},
	doi = {10.1002/hbm.20337}
}

@article{Charlotte,
    author = { Charlotte V. O.   Witvliet  and  Scott R.   Vrana },
    title = {Play it again Sam: Repeated exposure to emotionally evocative music polarises liking and smiling responses, and                   influences other affective reports, facial EMG, and heart rate},
    journal = {Cognition and Emotion},
    volume = {21},
    number = {1},
    pages = {3-25},
    year  = {2007},
    publisher = {Routledge},
    doi = {10.1080/02699930601000672},
    URL = {https://doi.org/10.1080/02699930601000672},
}

@article{Barrett2006Mar,
	author = {Barrett, Lisa Feldman},
	title = {{Are Emotions Natural Kinds?}},
	journal = {Perspect. Psychol. Sci.},
	volume = {1},
	number = {1},
	pages = {28--58},
	year = {2006},
	month = {Mar},
	issn = {1745-6916},
	publisher = {SAGE Publications Inc},
	doi = {10.1111/j.1745-6916.2006.00003.x}
}

@book{knuuttila2004emotions,
  title={Emotions in ancient and medieval philosophy},
  author={Knuuttila, Simo},
  year={2004},
  publisher={Clarendon Press}
}

@article{Chaturvedi2022Feb,
	author = {Chaturvedi, Vybhav and Kaur, Arman Beer and Varshney, Vedansh and Garg, Anupam and Chhabra, Gurpal Singh and Kumar, Munish},
	title = {{Music mood and human emotion recognition based on physiological signals: a systematic review}},
	journal = {Multimedia Systems},
	volume = {28},
	number = {1},
	pages = {21--44},
	year = {2022},
	month = {Feb},
	issn = {1432-1882},
	publisher = {Springer Berlin Heidelberg},
	doi = {10.1007/s00530-021-00786-6}
}

@Book{ panksepp1998affective,
       author = {Panksepp, Jaak},
       title = {Affective neuroscience : the foundations of human and animal emotions},
       publisher = {Oxford University Press},
       year = {1998},
       address = {New York},
       isbn = {9780195096736}
 }
 
@misc{BibEntry2022Feb,
	title = {{Ascolto musica in Italia 2021}},
	year = {2022},
	month = {Feb},
	note = {[Online; accessed 11. Feb. 2022]},
	url = {https://www.scfitalia.it/notizie/engaging-with-music-2021.kl}
}

@inproceedings{Lehmberg2010BenefitsOM,
  title={Benefits of Music Participation for Senior Citizens: A Review of the Literature},
  author={Lisa J. Lehmberg and Calvin Fung},
  year={2010}
}

@article{Eerola2016Jun,
	author = {Eerola, Tuomas and Peltola, Henna-Riikka},
	title = {{Memorable Experiences with Sad Music{\ifmmode---\else\textemdash\fi}Reasons, Reactions and Mechanisms of Three Types of Experiences}},
	journal = {PLoS One},
	volume = {11},
	number = {6},
	pages = {e0157444},
	year = {2016},
	month = {Jun},
	issn = {1932-6203},
	publisher = {Public Library of Science},
	doi = {10.1371/journal.pone.0157444}
}

@article{Ferguson2013Jan,
	author = {Ferguson, Yuna L. and Sheldon, Kennon M.},
	title = {{Trying to be happier really can work: Two experimental studies}},
	journal = {Journal of Positive Psychology},
	volume = {8},
	number = {1},
	pages = {23--33},
	year = {2013},
	month = {Jan},
	issn = {1743-9760},
	publisher = {Routledge},
	doi = {10.1080/17439760.2012.747000}
}

@book{picard2000affective,
  title={Affective computing},
  author={Picard, Rosalind W},
  year={2000},
  publisher={MIT press}
}

@article{seo2019automatic,
  title={Automatic emotion-based music classification for supporting intelligent IoT applications},
  author={Seo, Yeong-Seok and Huh, Jun-Ho},
  journal={Electronics},
  volume={8},
  number={2},
  pages={164},
  year={2019},
  publisher={MDPI}
}



@article{wristband,
  title={On the Relationships between Music-induced Emotion and Physiological Signals.},
  author={Hu, Xiao and Li, Fanjie and Ng, Tzi-Dong Jeremy},
  booktitle={ISMIR},
  pages={362--369},
  year={2018}
}


@article{gosling2003very,
  title={A very brief measure of the Big-Five personality domains},
  author={Gosling, Samuel D and Rentfrow, Peter J and Swann Jr, William B},
  journal={Journal of Research in personality},
  volume={37},
  number={6},
  pages={504--528},
  year={2003},
  publisher={Elsevier}
}

@article{Moody,
author = {Hu, Xiao and Sanghvi, Viraj and Vong, Billy and On, Ping and Leong, Cheng and Angelica, Jonathan},
year = {2008},
month = {01},
pages = {},
title = {MOODY: A WEB-BASED MUSIC MOOD CLASSIFICATION AND RECOMMENDATION SYSTEM}
}

@INPROCEEDINGS{Gilda,
            author={Gilda, Shlok and Zafar, Husain and Soni, Chintan and Waghurdekar, Kshitija},
            booktitle={2017 International Conference on Wireless Communications, Signal Processing and Networking (WiSPNET)}, 
            title={Smart music player integrating facial emotion recognition and music mood recommendation}, 
            year={2017},
            volume={},
            number={},
            pages={154-158},
            doi={10.1109/WiSPNET.2017.8299738}
            }
@misc{KaggleDataset,
	title = {{FER-2013}},
	url = {https://www.kaggle.com/msambare/fer2013}
}
@article{Han,
        author = {Han, Byeong-jun and Rho, Seungmin and Sanghoon, and Hwang, Eenjun and Han, B.-J and Jun, Sanghoon},
        year = {2010},
        month = {05},
        pages = {433-460},
        title = {Music emotion classification and context-based music recommendation},
        volume = {47},
        journal = {Multimed Tools Appl},
        doi = {10.1007/s11042-009-0332-6}
}
@misc{indatalabs,
	title = {{AI-Based Recommendation Systems - InData Labs}},
	journal = {InData Labs},
	year = {2021},
	month = {June},
	url = {https://indatalabs.com/blog/ai-based-recommender-system}
}




@article{re-sys-survey,
title = {Recommender systems survey},
journal = {Knowledge-Based Systems},
volume = {46},
pages = {109-132},
year = {2013},
issn = {0950-7051},
doi = {https://doi.org/10.1016/j.knosys.2013.03.012},
url = {https://www.sciencedirect.com/science/article/pii/S0950705113001044},
author = {J. Bobadilla and F. Ortega and A. Hernando and A. Gutiérrez},
keywords = {Recommender systems, Collaborative filtering, Similarity measures, Evaluation metrics, Prediction, Recommendation, Hybrid, Social, Internet of things, Cold-start},
abstract = {Recommender systems have developed in parallel with the web. They were initially based on demographic, content-based and collaborative filtering. Currently, these systems are incorporating social information. In the future, they will use implicit, local and personal information from the Internet of things. This article provides an overview of recommender systems as well as collaborative filtering methods and algorithms; it also explains their evolution, provides an original classification for these systems, identifies areas of future implementation and develops certain areas selected for past, present or future importance.}
}


@inproceedings{kim2010music,
  title={Music emotion recognition: A state of the art review},
  author={Kim, Youngmoo E and Schmidt, Erik M and Migneco, Raymond and Morton, Brandon G and Richardson, Patrick and Scott, Jeffrey and Speck, Jacquelin A and Turnbull, Douglas},
  booktitle={Proc. ismir},
  volume={86},
  pages={937--952},
  year={2010}
}

@techreport{rumelhart1985learning,
  title={Learning internal representations by error propagation},
  author={Rumelhart, David E and Hinton, Geoffrey E and Williams, Ronald J},
  year={1985},
  institution={California Univ San Diego La Jolla Inst for Cognitive Science}
}

@article{levy2007semantic,
  title={A semantic space for music derived from social tags},
  author={Levy, Mark and Sandler, Mark},
  journal={Austrian Compuer Society},
  volume={1},
  pages={12},
  year={2007},
  publisher={Citeseer}
}


 @misc{roberts2022, title={Understanding the mel spectrogram}, url={https://medium.com/analytics-vidhya/understanding-the-mel-spectrogram-fca2afa2ce53}, journal={Medium}, publisher={Analytics Vidhya}, author={Roberts, Leland}, year={2022}, month={Aug}} 
 
 @article{huang2019gpipe,
  title={Gpipe: Efficient training of giant neural networks using pipeline parallelism},
  author={Huang, Yanping and Cheng, Youlong and Bapna, Ankur and Firat, Orhan and Chen, Dehao and Chen, Mia and Lee, HyoukJoong and Ngiam, Jiquan and Le, Quoc V and Wu, Yonghui and others},
  journal={Advances in neural information processing systems},
  volume={32},
  year={2019}
}

@article{effnetb3-arch,
author = {Soleimanipour, Alireza and Azadbakht, Mohsen and Asl, Abbas},
year = {2022},
month = {08},
pages = {1-11},
title = {Cultivar identification of pistachio nuts in bulk mode through EfficientNet deep learning model},
volume = {16},
journal = {Journal of Food Measurement and Characterization},
doi = {10.1007/s11694-022-01367-5}
}

@misc{mobilenet2017,
  doi = {10.48550/ARXIV.1704.04861},
  
  url = {https://arxiv.org/abs/1704.04861},
  
  author = {Howard, Andrew G. and Zhu, Menglong and Chen, Bo and Kalenichenko, Dmitry and Wang, Weijun and Weyand, Tobias and Andreetto, Marco and Adam, Hartwig},
  
  keywords = {Computer Vision and Pattern Recognition (cs.CV), FOS: Computer and information sciences, FOS: Computer and information sciences},
  
  title = {MobileNets: Efficient Convolutional Neural Networks for Mobile Vision Applications},
  
  publisher = {arXiv},
  
  year = {2017},
  
  copyright = {arXiv.org perpetual, non-exclusive license}
}


 @misc{pujara_2020, title={Image classification with MobileNet}, url={https://medium.com/analytics-vidhya/image-classification-with-mobilenet-cc6fbb2cd470}, journal={Medium}, publisher={Analytics Vidhya}, author={Pujara, Abhijeet}, year={2020}, month={Jul}} 
 
 @inproceedings{dsc,
author = {Hossain, Delwar and Imtiaz, Masudul and Ghosh, Tonmoy and Raju, Viprav and Sazonov, Edward},
year = {2020},
month = {07},
pages = {4191-4195},
title = {Real-Time Food Intake Monitoring Using Wearable Egocnetric Camera},
volume = {2020},
doi = {10.1109/EMBC44109.2020.9175497}
}

 @misc{hollemans, url={https://machinethink.net/blog/mobile-architectures/}, journal={New Mobile Neural Network Architectures}, author={Hollemans, Matthijs}} 
 
 
 @article{relu,
  author    = {Abien Fred Agarap},
  title     = {Deep Learning using Rectified Linear Units (ReLU)},
  journal   = {CoRR},
  volume    = {abs/1803.08375},
  year      = {2018},
  url       = {http://arxiv.org/abs/1803.08375},
  eprinttype = {arXiv},
  eprint    = {1803.08375},
  timestamp = {Mon, 13 Aug 2018 16:47:13 +0200},
  biburl    = {https://dblp.org/rec/journals/corr/abs-1803-08375.bib},
  bibsource = {dblp computer science bibliography, https://dblp.org}
}

 @misc{l1l2, title={L1 and L2 regularization methods}, url={https://towardsdatascience.com/l1-and-l2-regularization-methods-ce25e7fc831c}, journal={Medium}, publisher={Towards Data Science}, author={Nagpal, Anuja}, year={2017}, month={Oct}} 
 
 @misc{loss,
  doi = {10.48550/ARXIV.1805.07836},
  
  url = {https://arxiv.org/abs/1805.07836},
  
  author = {Zhang, Zhilu and Sabuncu, Mert R.},
  
  keywords = {Machine Learning (cs.LG), Computer Vision and Pattern Recognition (cs.CV), Machine Learning (stat.ML), FOS: Computer and information sciences, FOS: Computer and information sciences},
  
  title = {Generalized Cross Entropy Loss for Training Deep Neural Networks with Noisy Labels},
  
  publisher = {arXiv},
  
  year = {2018},
  
  copyright = {arXiv.org perpetual, non-exclusive license}
}


@inproceedings{tensorflow,
title	= {TensorFlow: A system for large-scale machine learning},
author	= {Martin Abadi and Paul Barham and Jianmin Chen and Zhifeng Chen and Andy Davis and Jeffrey Dean and Matthieu Devin and Sanjay Ghemawat and Geoffrey Irving and Michael Isard and Manjunath Kudlur and Josh Levenberg and Rajat Monga and Sherry Moore and Derek G. Murray and Benoit Steiner and Paul Tucker and Vijay Vasudevan and Pete Warden and Martin Wicke and Yuan Yu and Xiaoqiang Zheng},
year	= {2016},
URL	= {https://www.usenix.org/system/files/conference/osdi16/osdi16-abadi.pdf},
booktitle	= {12th USENIX Symposium on Operating Systems Design and Implementation (OSDI 16)},
pages	= {265--283}
}


@article{li2020federated,
  title={Federated learning: Challenges, methods, and future directions},
  author={Li, Tian and Sahu, Anit Kumar and Talwalkar, Ameet and Smith, Virginia},
  journal={IEEE Signal Processing Magazine},
  volume={37},
  number={3},
  pages={50--60},
  year={2020},
  publisher={IEEE}
}

@incollection{vanschoren2019meta,
  title={Meta-learning},
  author={Vanschoren, Joaquin},
  booktitle={Automated machine learning},
  pages={35--61},
  year={2019},
  publisher={Springer, Cham}
}
