@article{Konstan2012Apr,
	author = {Konstan, Joseph A. and Riedl, John},
	title = {{Recommender systems: from algorithms to user experience}},
	journal = {User Model. User-Adap. Inter.},
	volume = {22},
	number = {1},
	pages = {101--123},
	year = {2012},
	month = {Apr},
	issn = {1573-1391},
	publisher = {Springer Netherlands},
	doi = {10.1007/s11257-011-9112-x}
}

@article{deep-re-sys-survey,
  title={A review on deep learning for recommender systems: challenges and remedies},
  author={Zeynep Batmaz and Ali Yurekli and Alper Bilge and Cihan Kaleli},
  journal={Artificial Intelligence Review},
  year={2018},
  volume={52},
  pages={1-37}
}

@book{plutchik2013theories,
  title={Theories of emotion},
  author={Plutchik, Robert and Kellerman, Henry},
  volume={1},
  year={2013},
  publisher={Academic Press}
}

@article{Russel,
        author = {Russell, James},
        year = {1980},
        month = {12},
        pages = {1161-1178},
        title = {A Circumplex Model of Affect},
        volume = {39},
        journal = {Journal of Personality and Social Psychology},
        doi = {10.1037/h0077714}
}


@article{demircan2020comparison,
  title={Comparison of the effects of mel coefficients and spectrogram images via deep learning in emotion classification},
  author={Demircan, Semiye and {\"O}rnek, Humar Kahramanl{\i}},
  journal={Traitement du Signal},
  year={2020},
  publisher={INT INFORMATION \& ENGINEERING TECHNOLOGY ASSOC}
}

@article{hochreiter1997long,
  title={Long short-term memory},
  author={Hochreiter, Sepp and Schmidhuber, J{\"u}rgen},
  journal={Neural computation},
  volume={9},
  number={8},
  pages={1735--1780},
  year={1997},
  publisher={MIT Press}
}


@article{krizhevsky2012imagenet,
  title={Imagenet classification with deep convolutional neural networks},
  author={Krizhevsky, Alex and Sutskever, Ilya and Hinton, Geoffrey E},
  journal={Advances in neural information processing systems},
  volume={25},
  year={2012}
}

@article{han2010music,
  title={Music emotion classification and context-based music recommendation},
  author={Han, Byeong-jun and Rho, Seungmin and Jun, Sanghoon and Hwang, Eenjun},
  journal={Multimedia Tools and Applications},
  volume={47},
  number={3},
  pages={433--460},
  year={2010},
  publisher={Springer}
}


@inproceedings{liu2020research,
  title={Research on multi-modal music emotion classification based on audio and lyirc},
  author={Liu, Gaojun and Tan, Zhiyuan},
  booktitle={2020 IEEE 4th Information Technology, Networking, Electronic and Automation Control Conference (ITNEC)},
  volume={1},
  pages={2331--2335},
  year={2020},
  organization={IEEE}
}


@article{devlin2018bert,
  title={Bert: Pre-training of deep bidirectional transformers for language understanding},
  author={Devlin, Jacob and Chang, Ming-Wei and Lee, Kenton and Toutanova, Kristina},
  journal={arXiv preprint arXiv:1810.04805},
  year={2018}
}

@article{bahuleyan2018music,
  title={Music genre classification using machine learning techniques},
  author={Bahuleyan, Hareesh},
  journal={arXiv preprint arXiv:1804.01149},
  year={2018}
}

@article{simonyan2014very,
  title={Very deep convolutional networks for large-scale image recognition},
  author={Simonyan, Karen and Zisserman, Andrew},
  journal={arXiv preprint arXiv:1409.1556},
  year={2014}
}

@article{hizlisoy2021music,
  title={Music emotion recognition using convolutional long short term memory deep neural networks},
  author={Hizlisoy, Serhat and Yildirim, Serdar and Tufekci, Zekeriya},
  journal={Engineering Science and Technology, an International Journal},
  volume={24},
  number={3},
  pages={760--767},
  year={2021},
  publisher={Elsevier}
}

@inproceedings{zhang2018pmemo,
  title={The pmemo dataset for music emotion recognition},
  author={Zhang, Kejun and Zhang, Hui and Li, Simeng and Yang, Changyuan and Sun, Lingyun},
  booktitle={Proceedings of the 2018 acm on international conference on multimedia retrieval},
  pages={135--142},
  year={2018}
}

@article{panda2018novel,
  title={Novel audio features for music emotion recognition},
  author={Panda, Renato and Malheiro, Ricardo and Paiva, Rui Pedro},
  journal={IEEE Transactions on Affective Computing},
  volume={11},
  number={4},
  pages={614--626},
  year={2018},
  publisher={IEEE}
}

@inproceedings{panda2018musical,
  title={Musical texture and expressivity features for music emotion recognition},
  author={Panda, Renato and Malheiro, Ricardo and Paiva, Rui Pedro},
  booktitle={19th International Society for Music Information Retrieval Conference (ISMIR 2018)},
  pages={383--391},
  year={2018}
}


@article{aljanaki2014collecting,
  title={Collecting annotations for induced musical emotion via online game with a purpose Emotify},
  author={Aljanaki, Anna and Wiering, Frans and Veltkamp, Remco and others},
  journal={Technical Report Series},
  volume={2014},
  number={UU-CS-2014-015},
  year={2014},
  publisher={UU BETA ICS Departement Informatica}
}

@article{aljanaki2016studying,
  title={Studying emotion induced by music through a crowdsourcing game},
  author={Aljanaki, Anna and Wiering, Frans and Veltkamp, Remco C},
  journal={Information Processing \& Management},
  volume={52},
  number={1},
  pages={115--128},
  year={2016},
  publisher={Elsevier}
}


@article{zentner2008emotions,
  title={Emotions evoked by the sound of music: characterization, classification, and measurement.},
  author={Zentner, Marcel and Grandjean, Didier and Scherer, Klaus R},
  journal={Emotion},
  volume={8},
  number={4},
  pages={494},
  year={2008},
  publisher={American Psychological Association}
}

@inproceedings{ma2018emotion,
  title={Emotion Recognition from Variable-Length Speech Segments Using Deep Learning on Spectrograms.},
  author={Ma, Xi and Wu, Zhiyong and Jia, Jia and Xu, Mingxing and Meng, Helen and Cai, Lianhong},
  booktitle={Interspeech},
  pages={3683--3687},
  year={2018}
}

@inproceedings{mcfee2015librosa,
  title={librosa: Audio and music signal analysis in python},
  author={McFee, Brian and Raffel, Colin and Liang, Dawen and Ellis, Daniel P and McVicar, Matt and Battenberg, Eric and Nieto, Oriol},
  booktitle={Proceedings of the 14th python in science conference},
  volume={8},
  pages={18--25},
  year={2015},
  organization={Citeseer}
}


@inproceedings{tan2019efficientnet,
  title={Efficientnet: Rethinking model scaling for convolutional neural networks},
  author={Tan, Mingxing and Le, Quoc},
  booktitle={International conference on machine learning},
  pages={6105--6114},
  year={2019},
  organization={PMLR}
}

@inproceedings{howard2019searching,
  title={Searching for mobilenetv3},
  author={Howard, Andrew and Sandler, Mark and Chu, Grace and Chen, Liang-Chieh and Chen, Bo and Tan, Mingxing and Wang, Weijun and Zhu, Yukun and Pang, Ruoming and Vasudevan, Vijay and others},
  booktitle={Proceedings of the IEEE/CVF international conference on computer vision},
  pages={1314--1324},
  year={2019}
}

@article{kingma2014adam,
  title={Adam: A method for stochastic optimization},
  author={Kingma, Diederik P and Ba, Jimmy},
  journal={arXiv preprint arXiv:1412.6980},
  year={2014}
}

@article{tieleman2012rmsprop,
  title={Rmsprop: Divide the gradient by a running average of its recent magnitude. coursera: Neural networks for machine learning},
  author={Tieleman, Tijmen and Hinton, Geoffrey},
  journal={COURSERA Neural Networks Mach. Learn},
  year={2012}
}